@book{MLCWM,
 author		= {Mac Lane, Saunders},
 title		= {Categories for the Working Mathematician},
 publisher	= {Springer-Verlag},
 series		= {Graduate Texts in Mathematics},
 number		= 5,
 year		= 1971,
 isbn		= 0387900357}
 
@Book{hottbook,
  author =    {The {Univalent Foundations Program}},
  title =     {Homotopy Type Theory: Univalent Foundations of Mathematics},
  publisher = {\url{http://homotopytypetheory.org/book}},
  address =   {Institute for Advanced Study},
  year =      2013}
